% Encoding: UTF-8

  
  @ARTICLE{8627998,
  author={Z. {Zhao} and P. {Zheng} and S. {Xu} and X. {Wu}},
  journal={IEEE Transactions on Neural Networks and Learning Systems}, 
  title={Object Detection With Deep Learning: A Review}, 
  year={2019},
  volume={30},
  number={11},
  pages={3212-3232},
  doi={10.1109/TNNLS.2018.2876865}}
  
  @inproceedings{madhuri2019extractive,
  title={Extractive Text Summarization Using Sentence Ranking},
  author={Madhuri, JN and Kumar, R Ganesh},
  booktitle={2019 International Conference on Data Science and Communication (IconDSC)},
  pages={1--3},
  year={2019},
  organization={IEEE}
}

@inproceedings{yasenko2020image,
  title={Image noise reduction by denoising autoencoder},
  author={Yasenko, Lev and Klyatchenko, Yaroslav and Tarasenko-Klyatchenko, Oksana},
  booktitle={2020 IEEE 11th International Conference on Dependable Systems, Services and Technologies (DESSERT)},
  pages={351--355},
  year={2020},
  organization={IEEE}
}

@inproceedings{wang2017scene,
  title={Scene text recognition algorithm based on faster RCNN},
  author={Wang, Boya and Xu, Jianqing and Li, Junbao and Hu, Cong and Pan, Jeng-Shyang},
  booktitle={2017 First International Conference on Electronics Instrumentation \& Information Systems (EIIS)},
  pages={1--4},
  year={2017},
  organization={IEEE}
}

@inproceedings{bhat2018cost,
  title={A Cost-Effective Audio-Visual Summarizer for Summarization of Presentations and Seminars},
  author={Bhat, Anmol and Rao, Aneesh C and Bhaskar, Anirudh and Adithya, V and Pratiba, D},
  booktitle={2018 3rd International Conference on Computational Systems and Information Technology for Sustainable Solutions (CSITSS)},
  pages={271--276},
  year={2018},
  organization={IEEE}
}

@article{reddy2012efficient,
  title={An efficient approach for web document summarization by sentence ranking},
  author={Reddy, Y Surendranadha and Kumar, AP Siva},
  journal={International Journal of Advanced Research in Computer Science and Software Engineering},
  volume={2},
  number={7},
  year={2012},
  publisher={Citeseer}
}


@article{hamad2016detailed,
  title={A detailed analysis of optical character recognition technology},
  author={Hamad, Karez Abdulwahhab and Kaya, Mehmet},
  journal={International Journal of Applied Mathematics, Electronics and Computers},
  volume={4},
  number={1},
  pages={244--249},
  year={2016}
}

@article{jiao2019survey,
  title={A survey of deep learning-based object detection},
  author={Jiao, Licheng and Zhang, Fan and Liu, Fang and Yang, Shuyuan and Li, Lingling and Feng, Zhixi and Qu, Rong},
  journal={IEEE Access},
  volume={7},
  pages={128837--128868},
  year={2019},
  publisher={IEEE}
}